@Article{one,
  author = 	 {Albert One},
  title = 	 {One Alone},
  journal = 	 {MNRAS},
  year = 	 {2001}
}

@Article{oneplus,
  author = 	 {Albert One and others},
  title = 	 {One with friends},
  journal = 	 {MNRAS},
  year = 	 {2001}
}

@Article{two,
  author = 	 {Albert One and Benedict Two},
  title = 	 {Two Alone},
  journal = 	 {MNRAS},
  year = 	 {2001}
}

% Same author and year as 'two', but different paper/title
@Article{twobis,
  author = 	 {Albert One and Benedict Two},
  title = 	 {Two alone again},
  journal = 	 {MNRAS},
  year = 	 {2001}
}

@Article{twoplus,
  author = 	 {Albert One and Benedict Two and others},
  title = 	 {Two with friends},
  journal = 	 {MNRAS},
  year = 	 {2001}
}

@Article{three,
  author = 	 {Albert One and Benedict Two and C Three},
  title = 	 {Three Alone},
  journal = 	 {MNRAS},
  year = 	 {2001}
}

@Article{threeplus,
  author = 	 {Albert One and Benedict Two and C Three and others},
  title = 	 {Three with friends},
  journal = 	 {MNRAS},
  year = 	 {2001}
}

@Article{four,
  author = 	 {Albert One and Benedict Two and C Three and D Four},
  title = 	 {Four Alone},
  journal = 	 {MNRAS},
  year = 	 {2001}
}

@Article{fourplus,
  author = 	 {Albert One and Benedict Two and C Three and D Four and others},
  title = 	 {Four with friends},
  journal = 	 {MNRAS},
  year = 	 {2001}
}

@Article{five,
  author = 	 {Albert One and Benedict Two and C Three and D Four and E Five},
  title = 	 {Five Alone},
  journal = 	 {MNRAS},
  year = 	 {2001}
}

@Article{fiveplus,
  author = 	 {Albert One and Benedict Two and C Three and D Four and E Five and others},
  title = 	 {Five with friends},
  journal = 	 {MNRAS},
  year = 	 {2001}
}

@Article{seven,
  author = 	 {Albert One and Benedict Two and C Three and D Four and E Five
                  and F Six and G Seven},
  title = 	 {Seven Alone},
  journal = 	 {MNRAS},
  year = 	 2001
}

@Article{sevenplus,
  author = 	 {Albert One and Benedict Two and C Three and D Four and E Five
                  and F Six and G Seven and others},
  title = 	 {Seven with friends},
  journal = 	 {MNRAS},
  year = 	 2001
}

@Article{eight,
  author = 	 {Albert One and Benedict Two and C Three and D Four and E Five
                  and F Six and G Seven and H Eight},
  title = 	 {Eight Alone},
  journal = 	 {MNRAS},
  year = 	 2001
}

@Article{eightplus,
  author = 	 {Albert One and Benedict Two and C Three and D Four and E Five
                  and F Six and G Seven and H Eight and others},
  title = 	 {Eight with friends},
  journal = 	 {MNRAS},
  year = 	 2001
}

@Article{nine,
  author = 	 {Albert One and Benedict Two and C Three and D Four and E Five
                  and F Six and G Seven and H Eight and I Nine},
  title = 	 {Nine alone},
  journal = 	 {MNRAS},
  year = 	 2001
}

@Article{nineplus,
  author = 	 {Albert One and Benedict Two and C Three and D Four and E Five
                  and F Six and G Seven and H Eight and I Nine and others},
  title = 	 {Nine with friends},
  journal = 	 {MNRAS},
  year = 	 2001
}

@Article{ten,
  author = 	 {Albert One and Benedict Two and C Three and D Four and E Five
                  and F Six and G Seven and H Eight and I Nine and J
                  Ten},
  title = 	 {Ten alone},
  journal = 	 {MNRAS},
  year = 	 2001
}

@Article{tenplus,
  author = 	 {Albert One and Benedict Two and C Three and D Four and E Five
                  and F Six and G Seven and H Eight and I Nine and J
                  Ten and others},
  title = 	 {Ten with friends},
  journal = 	 {MNRAS},
  year = 	 2001
}

